
@article{licht2024geometry,
  title={On the geometry of star domains and the spectra of Hodge-Laplace operators under domain approximation},
  author={Licht, Martin Werner},
  journal={arXiv preprint arXiv:2411.01655},
  year={2024}
}

@article{licht2022basis,
 Author = {Licht, Martin W.},
 Title = {On basis constructions in finite element exterior calculus},
 FJournal = {Advances in Computational Mathematics},
 Journal = {Adv. Comput. Math.},
 ISSN = {1019-7168},
 Volume = {48},
 Number = {2},
 Pages = {36},
 Note = {Id/No 14},
 Year = {2022},
 Language = {English},
 DOI = {10.1007/s10444-022-09926-6},
 Keywords = {65N30},
 zbMATH = {7506439},
 Zbl = {1486.65255}
}


@article{goldshtein2011hodge,
 Author = {Gol'dshtein, V. and Mitrea, I. and Mitrea, M.},
 Title = {Hodge decompositions with mixed boundary conditions and applications to partial differential equations on {Lipschitz} manifolds},
 FJournal = {Journal of Mathematical Sciences (New York)},
 Journal = {J. Math. Sci., New York},
 ISSN = {1072-3374},
 Volume = {172},
 Number = {3},
 Pages = {347--400},
 Year = {2011},
 Language = {English},
 DOI = {10.1007/s10958-010-0200-y},
 Keywords = {58J32,35J46,35J47},
 zbMATH = {5924722},
 Zbl = {1230.58018}
}


@book{Moise1977geometric,
  title = {Geometric Topology in Dimensions 2 and 3},
  ISBN = {9781461299066},
  ISSN = {0072-5285},
  url = {http://dx.doi.org/10.1007/978-1-4612-9906-6},
  DOI = {10.1007/978-1-4612-9906-6},
  journal = {Graduate Texts in Mathematics},
  publisher = {Springer New York},
  author = {Moise,  Edwin E.},
  year = {1977}
}



@article {stern2013lp,
    AUTHOR = {Stern, Ari},
     TITLE = {{$L^p$} change of variables inequalities on manifolds},
   JOURNAL = {Math. Inequal. Appl.},
  FJOURNAL = {Mathematical Inequalities \& Applications},
    VOLUME = {16},
      YEAR = {2013},
    NUMBER = {1},
     PAGES = {55--67},
      ISSN = {1331-4343,1848-9966},
   MRCLASS = {58C35 (46B28 58A10)},
  MRNUMBER = {3060379},
MRREVIEWER = {Ma\"ido\ Rahula},
       DOI = {10.7153/mia-16-04},
       URL = {https://doi.org/10.7153/mia-16-04},
}

@book{akbulut2014casson,
  title={Casson's Invariant for Oriented Homology Three-Spheres: An Exposition.(MN-36)},
  author={Akbulut, Selman and McCarthy, John D},
  volume={36},
  year={2014},
  publisher={Princeton University Press}
}

@article{blinn1996consider,
  title={Consider the lowly $2 \times 2$ matrix},
  author={Blinn, Jim},
  journal={IEEE Computer Graphics and Applications},
  volume={16},
  number={2},
  pages={82--88},
  year={1996},
  publisher={IEEE}
}


@inbook{Siebenmann1979,
    AUTHOR = {Siebenmann, L. and Sullivan, D.},
     TITLE = {On complexes that are {L}ipschitz manifolds},
 BOOKTITLE = {Geometric topology ({P}roc. {G}eorgia {T}opology {C}onf.,
              {A}thens, {G}a., 1977)},
     PAGES = {503--525},
 PUBLISHER = {Academic Press, New York-London},
      YEAR = {1979},
   MRCLASS = {57Q05 (32G15)},
  MRNUMBER = {537747},
MRREVIEWER = {Oscar Burlet},
}
		

@article{Bagchi2005,
    AUTHOR = {Bagchi, Bhaskar and Datta, Basudeb},
     TITLE = {Combinatorial triangulations of homology spheres},
   JOURNAL = {Discrete Math.},
  FJOURNAL = {Discrete Mathematics},
    VOLUME = {305},
      YEAR = {2005},
    NUMBER = {1-3},
     PAGES = {1--17},
      ISSN = {0012-365X},
   MRCLASS = {57Q15 (05E25)},
  MRNUMBER = {2186679},
MRREVIEWER = {Alberto Cavicchioli},
       DOI = {10.1016/j.disc.2005.06.026},
       URL = {https://doi.org/10.1016/j.disc.2005.06.026},
}
		
@Article{alestalo2018radial,
 Author = {Alestalo, Pekka and Trotsenko, Dmitr{\u{\i}} Aleksandrovich},
 Title = {Radial extensions of bilipschitz maps between unit spheres},
 FJournal = {Sibirskie {\`E}lektronnye Matematicheskie Izvestiya},
 Journal = {Sib. {\`E}lektron. Mat. Izv.},
 ISSN = {1813-3304},
 Volume = {15},
 Pages = {839--843},
 Year = {2018},
 Language = {English},
 DOI = {10.17377/semi.2018.15.071},
 Keywords = {30C65},
 zbMATH = {6931841},
 Zbl = {1397.30020}
}

@article{hong1992lower,
    AUTHOR = {Hong, Y. P. and Pan, C.-T.},
     TITLE = {A lower bound for the smallest singular value},
      NOTE = {Second NIU Conference on Linear Algebra, Numerical Linear
              Algebra and Applications (DeKalb, IL, 1991)},
   JOURNAL = {Linear Algebra Appl.},
  FJOURNAL = {Linear Algebra and its Applications},
    VOLUME = {172},
      YEAR = {1992},
     PAGES = {27--32},
      ISSN = {0024-3795},
   MRCLASS = {15A42},
  MRNUMBER = {1168494},
MRREVIEWER = {A. R. Amir-Mo\'{e}z},
       DOI = {10.1016/0024-3795(92)90016-4},
       URL = {https://doi.org/10.1016/0024-3795(92)90016-4},
}
		
@Article{yisheng1997note,
 Author = {Yu, Yisheng and Gu, Dunhe},
 Title = {A note on a lower bound for the smallest singular value},
 FJournal = {Linear Algebra and its Applications},
 Journal = {Linear Algebra Appl.},
 ISSN = {0024-3795},
 Volume = {253},
 Pages = {25--38},
 Year = {1997},
 Language = {English},
 DOI = {10.1016/0024-3795(95)00784-9},
 Keywords = {15A42,15A60},
 zbMATH = {994629},
 Zbl = {0876.15015}
}

@Book{schrijver1998theory,
    AUTHOR = {Schrijver, Alexander},
     TITLE = {Theory of linear and integer programming},
    SERIES = {Wiley-Interscience Series in Discrete Mathematics},
      NOTE = {A Wiley-Interscience Publication},
 PUBLISHER = {John Wiley \& Sons, Ltd., Chichester},
      YEAR = {1986},
     PAGES = {xii+471},
      ISBN = {0-471-90854-1},
   MRCLASS = {90C05 (90C10)},
  MRNUMBER = {874114},
MRREVIEWER = {J\"{u}rgen K\"{o}hler},
}
	

@article{arnold2021complexes,
    AUTHOR = {Arnold, Douglas N. and Hu, Kaibo},
     TITLE = {Complexes from complexes},
   JOURNAL = {Found. Comput. Math.},
  FJOURNAL = {Foundations of Computational Mathematics. The Journal of the
              Society for the Foundations of Computational Mathematics},
    VOLUME = {21},
      YEAR = {2021},
    NUMBER = {6},
     PAGES = {1739--1774},
      ISSN = {1615-3375},
   MRCLASS = {58J10 (35J58 58A12 58A14)},
  MRNUMBER = {4343022},
MRREVIEWER = {Jorge Hounie},
       DOI = {10.1007/s10208-021-09498-9},
       URL = {https://doi.org/10.1007/s10208-021-09498-9},
}


@Article{licht2021local,
    AUTHOR = {Gawlik, Evan and Holst, Michael J. and Licht, Martin W.},
     TITLE = {Local finite element approximation of {S}obolev differential
              forms},
   JOURNAL = {ESAIM Math. Model. Numer. Anal.},
  FJOURNAL = {ESAIM. Mathematical Modelling and Numerical Analysis},
    VOLUME = {55},
      YEAR = {2021},
    NUMBER = {5},
     PAGES = {2075--2099},
      ISSN = {2822-7840},
   MRCLASS = {65N30},
  MRNUMBER = {4319601},
MRREVIEWER = {Marius Ghergu},
       DOI = {10.1051/m2an/2021034},
       URL = {https://doi.org/10.1051/m2an/2021034},
}

@Article{demlow2014posteriori,
    AUTHOR = {Demlow, Alan and Hirani, Anil N.},
     TITLE = {A posteriori error estimates for finite element exterior
              calculus: the de {R}ham complex},
   JOURNAL = {Found. Comput. Math.},
  FJOURNAL = {Foundations of Computational Mathematics. The Journal of the
              Society for the Foundations of Computational Mathematics},
    VOLUME = {14},
      YEAR = {2014},
    NUMBER = {6},
     PAGES = {1337--1371},
      ISSN = {1615-3375},
   MRCLASS = {65N30 (58A12 65N15)},
  MRNUMBER = {3273681},
MRREVIEWER = {Marius Ghergu},
       DOI = {10.1007/s10208-014-9203-2},
       URL = {https://doi.org/10.1007/s10208-014-9203-2},
}
		

@article{licht2019smoothed,
    AUTHOR = {Licht, Martin W.},
     TITLE = {Smoothed projections and mixed boundary conditions},
   JOURNAL = {Math. Comp.},
  FJOURNAL = {Mathematics of Computation},
    VOLUME = {88},
      YEAR = {2019},
    NUMBER = {316},
     PAGES = {607--635},
      ISSN = {0025-5718},
   MRCLASS = {65N30 (58A12)},
  MRNUMBER = {3882278},
       DOI = {10.1090/mcom/3330},
       URL = {https://doi.org/10.1090/mcom/3330},
}

@article{gallistl2023computational,
    AUTHOR = {Gallistl, Dietmar and Olkhovskiy, Vladislav},
     TITLE = {Computational lower bounds of the {M}axwell eigenvalues},
   JOURNAL = {SIAM J. Numer. Anal.},
  FJOURNAL = {SIAM Journal on Numerical Analysis},
    VOLUME = {61},
      YEAR = {2023},
    NUMBER = {2},
     PAGES = {539--561},
      ISSN = {0036-1429},
   MRCLASS = {35Q61 (65N12 65N30 78M10)},
  MRNUMBER = {4558756},
       DOI = {10.1137/21M1461447},
       URL = {https://doi.org/10.1137/21M1461447},
}
		
@book{brenner2008mathematical,
    AUTHOR = {Brenner, Susanne C. and Scott, L. Ridgway},
     TITLE = {The mathematical theory of finite element methods},
    SERIES = {Texts in Applied Mathematics},
    VOLUME = {15},
   EDITION = {Third},
 PUBLISHER = {Springer, New York},
      YEAR = {2008},
     PAGES = {xviii+397},
      ISBN = {978-0-387-75933-3},
   MRCLASS = {65-01 (65-02)},
  MRNUMBER = {2373954 (2008m:65001)},
       DOI = {10.1007/978-0-387-75934-0},
       URL = {http://dx.doi.org/10.1007/978-0-387-75934-0},
}

@book{burenkov1998sobolev,
    AUTHOR = {Burenkov, Victor I.},
     TITLE = {Sobolev spaces on domains},
    SERIES = {Teubner-Texte zur Mathematik [Teubner Texts in Mathematics]},
    VOLUME = {137},
 PUBLISHER = {B. G. Teubner Verlagsgesellschaft mbH, Stuttgart},
      YEAR = {1998},
     PAGES = {312},
      ISBN = {3-8154-2068-7},
   MRCLASS = {46E35},
  MRNUMBER = {1622690},
MRREVIEWER = {J. Horv\'{a}th},
       DOI = {10.1007/978-3-663-11374-4},
       URL = {https://doi.org/10.1007/978-3-663-11374-4},
}

@article{chernavsky2006unrecognizability,
    AUTHOR = {Chernavsky, A. V. and Leksine, V. P.},
     TITLE = {Unrecognizability of manifolds},
   JOURNAL = {Ann. Pure Appl. Logic},
  FJOURNAL = {Annals of Pure and Applied Logic},
    VOLUME = {141},
      YEAR = {2006},
    NUMBER = {3},
     PAGES = {325--335},
      ISSN = {0168-0072},
   MRCLASS = {57N15 (03B25 03D35)},
  MRNUMBER = {2234702},
MRREVIEWER = {Sergej V. Matveev},
       DOI = {10.1016/j.apal.2005.12.011},
       URL = {https://doi.org/10.1016/j.apal.2005.12.011},
}

@InCollection{poonen2014undecidable,
   AUTHOR = {Poonen, Bjorn},
     TITLE = {Undecidable problems: a sampler},
 BOOKTITLE = {Interpreting {G}\"{o}del},
     PAGES = {211--241},
 PUBLISHER = {Cambridge Univ. Press, Cambridge},
      YEAR = {2014},
   MRCLASS = {03D35 (00-01 20F10)},
  MRNUMBER = {3468188},
MRREVIEWER = {Martin David Davis},
}

@book{braess2001finite,
  Author = {Braess, Dietrich},
  Title = {Finite {Elemente}. {Theorie}, schnelle {L{\"o}ser} und {Anwendungen} in der {Elastizit{\"a}tstheorie}},
  Edition = {5th revised ed.},
  FSeries = {Springer-Lehrbuch Masterclass},
  Series = {Springer-Lehrb. Mastercl.},
  ISBN = {978-3-642-34796-2; 978-3-642-34797-9},
  Year = {2013},
  Publisher = {Berlin: Springer Spektrum},
  Language = {German},
  DOI = {10.1007/978-3-642-34797-9},
  Keywords = {65N30,74S05,65-02,74-02,35J25,65F10,65F35,65N55,74B05,74K20,46E35},
  zbMATH = {6154009},
  Zbl = {1264.65189}
}

@book{ern2021finite,
    AUTHOR = {Ern, Alexandre and Guermond, Jean-Luc},
     TITLE = {Finite {E}lements {I}. {A}pproximation and {I}nterpolation},
    SERIES = {Texts in Applied Mathematics},
    VOLUME = {72},
 PUBLISHER = {Springer International Publishing},
   ADDRESS = {Springer Nature Switzerland AG},
      YEAR = {2021},
     PAGES = {325},
      ISBN = {978-3-030-56340-0; 978-3-030-56341-7},
   MRCLASS = {65-01},
  MRNUMBER = {4242224},
       DOI = {10.1007/978-3-030-56341-7},
       URL = {https://doi-org/10.1007/978-3-030-56341-7},
}


@book{lefschetz2015introduction,
  AUTHOR = {Lefschetz, Solomon},
     TITLE = {Introduction to {T}opology},
    SERIES = {Princeton Mathematical Series, vol. 11},
 PUBLISHER = {Princeton University Press, Princeton, NJ},
      YEAR = {1949},
     PAGES = {viii+218},
   MRCLASS = {56.0X},
  MRNUMBER = {31708},
MRREVIEWER = {B. Eckmann},
}

@article{kuhn1960some,
  AUTHOR = {Kuhn, H. W.},
     TITLE = {Some combinatorial lemmas in topology},
   JOURNAL = {IBM J. Res. Develop.},
  FJOURNAL = {International Business Machines Corporation. Journal of
              Research and Development},
    VOLUME = {4},
      YEAR = {1960},
     PAGES = {508--524},
      ISSN = {0018-8646},
   MRCLASS = {54.85},
  MRNUMBER = {124038},
MRREVIEWER = {G. S. Young},
       DOI = {10.1147/rd.45.0518},
       URL = {https://doi.org/10.1147/rd.45.0518},
}
		
@Article{guzman2021estimation,
    AUTHOR = {Guzm\'{a}n, Johnny and Salgado, Abner J.},
     TITLE = {Estimation of the continuity constants for {B}ogovski\u{\i} and
              regularized {P}oincar\'{e} integral operators},
   JOURNAL = {J. Math. Anal. Appl.},
  FJOURNAL = {Journal of Mathematical Analysis and Applications},
    VOLUME = {502},
      YEAR = {2021},
    NUMBER = {1},
     PAGES = {Paper No. 125246, 36},
      ISSN = {0022-247X},
   MRCLASS = {58A10 (35R09 42B20)},
  MRNUMBER = {4248471},
       DOI = {10.1016/j.jmaa.2021.125246},
       URL = {https://doi.org/10.1016/j.jmaa.2021.125246},
}


@incollection{Eym_Gal_Her_00,
    AUTHOR = {Eymard, Robert and Gallou{\"e}t, Thierry and Herbin, Rapha{\`e}le},
     TITLE = {Finite volume methods},
 BOOKTITLE = {Handbook of Numerical Analysis, Vol. VII},
    SERIES = {},
     PAGES = {713--1020},
 PUBLISHER = {North-Holland},
   ADDRESS = {Amsterdam},
      YEAR = {2000},
   MRCLASS = {65M60 (65N30)},
  MRNUMBER = {MR1804748 (2002e:65138)},
MRREVIEWER = {Do Young Kwak}
}

@Article{ern2020stable,
    AUTHOR = {Ern, Alexandre and Vohral\'{\i}k, Martin},
     TITLE = {Stable broken {$H^1$} and {${\boldsymbol H}(\mathrm{div})$} polynomial extensions for
              polynomial-degree-robust potential and flux reconstruction in three space dimensions},
   JOURNAL = {Math. Comp.},
  FJOURNAL = {Mathematics of Computation},
    VOLUME = {89},
      YEAR = {2020},
    NUMBER = {322},
     PAGES = {551--594},
      ISSN = {0025-5718},
   MRCLASS = {65N15 (65N30 76M10)},
  MRNUMBER = {4044442},
MRREVIEWER = {Riccardo Sacco},
       DOI = {10.1090/mcom/3482},
       URL = {http://dx.doi.org/10.1090/mcom/3482},
}

@Article{Chaum_Voh_p_rob_3D_H_curl_23,
    AUTHOR = {Chaumont-Frelet, Th{\'e}ophile and Vohral{\'{\i}}k, Martin},
     TITLE = {$p$-robust equilibrated flux reconstruction in {${\boldsymbol H}(\mathrm{curl})$} based on local minimizations. {A}pplication to a posteriori analysis of the curl--curl problem},
   JOURNAL = {SIAM J. Numer. Anal.},
  FJOURNAL = {SIAM Journal on Numerical Analysis},
       DOI = {10.1137/21M141909X},
       URL = {https://doi.org/10.1137/21M141909X},
    VOLUME = {61},
      YEAR = {2023},
    NUMBER = {4},
     PAGES = {1783--1818},
}

@article{Chaum_Voh_p_rob_3D_H_curl_24,
    AUTHOR = {Chaumont-Frelet, Th{\'e}ophile and Vohral{\'{\i}}k, Martin},
     TITLE = {Constrained and unconstrained stable discrete minimizations for $p$-robust local reconstructions in vertex patches in the de {R}ham complex},
   JOURNAL = {Found. Comput. Math.},
  FJOURNAL = {Foundations of Computational Mathematics. The Journal of the
              Society for the Foundations of Computational Mathematics},
      NOTE = {DOI~10.1007/s10208-024-09674-7},
       URL = {https://hal.inria.fr/hal-03749682},
      YEAR = {2024},
}



@article{bebendorf2003note,
    AUTHOR = {Bebendorf, M.},
     TITLE = {A note on the {P}oincar\'e inequality for convex domains},
   JOURNAL = {Z. Anal. Anwendungen},
  FJOURNAL = {Zeitschrift f\"ur Analysis und ihre Anwendungen. Journal for
              Analysis and its Applications},
    VOLUME = {22},
      YEAR = {2003},
    NUMBER = {4},
     PAGES = {751--756},
      ISSN = {0232-2064},
   MRCLASS = {26D15 (26D20)},
  MRNUMBER = {2036927 (2004k:26025)},
MRREVIEWER = {Lucio Renato Berrone},
       DOI = {10.4171/ZAA/1170},
       URL = {http://dx.doi.org/10.4171/ZAA/1170},
}

@article{Pay_Wei_Poin_conv_60,
    AUTHOR = {Payne, Lawrence E. and Weinberger, Hans F.},
     TITLE = {An optimal {P}oincar\'e inequality for convex domains},
   JOURNAL = {Arch. Rational Mech. Anal.},
  FJOURNAL = {Archive for Rational Mechanics and Analysis},
    VOLUME = {5},
      YEAR = {1960},
     PAGES = {286--292},
      ISSN = {0003-9527},
   MRCLASS = {35.00},
  MRNUMBER = {MR0117419 (22 \#8198)},
MRREVIEWER = {I. Stakgold},
}

@article{acosta2004optimal,
    AUTHOR = {Acosta, Gabriel and Dur{\'a}n, Ricardo G.},
     TITLE = {An optimal {P}oincar\'e inequality in {$L^1$} for convex
              domains},
   JOURNAL = {Proc. Amer. Math. Soc.},
  FJOURNAL = {Proceedings of the American Mathematical Society},
    VOLUME = {132},
      YEAR = {2004},
    NUMBER = {1},
     PAGES = {195--202},
      ISSN = {0002-9939},
   MRCLASS = {26D15 (26D10)},
  MRNUMBER = {2021262},
MRREVIEWER = {Seng-Kee Chua},
       DOI = {10.1090/S0002-9939-03-07004-7},
       URL = {https://doi.org/10.1090/S0002-9939-03-07004-7},
}


@article{xu2003some,
    AUTHOR = {Xu, Jinchao and Zikatanov, Ludmil},
     TITLE = {Some observations on {B}abu\v{s}ka and {B}rezzi theories},
   JOURNAL = {Numer. Math.},
  FJOURNAL = {Numerische Mathematik},
    VOLUME = {94},
      YEAR = {2003},
    NUMBER = {1},
     PAGES = {195--202},
      ISSN = {0029-599X},
   MRCLASS = {65N30 (65N15)},
  MRNUMBER = {1971217},
MRREVIEWER = {Srinivasan Kesavan},
       DOI = {10.1007/s002110100308},
       URL = {https://doi.org/10.1007/s002110100308},
}
		

@article{stern2015banach,
    AUTHOR = {Stern, Ari},
     TITLE = {Banach space projections and {P}etrov-{G}alerkin estimates},
   JOURNAL = {Numer. Math.},
  FJOURNAL = {Numerische Mathematik},
    VOLUME = {130},
      YEAR = {2015},
    NUMBER = {1},
     PAGES = {125--133},
      ISSN = {0029-599X},
   MRCLASS = {65N30 (46B20 65N15)},
  MRNUMBER = {3322362},
MRREVIEWER = {Marius Ghergu},
       DOI = {10.1007/s00211-014-0658-5},
       URL = {https://doi.org/10.1007/s00211-014-0658-5},
}

@article{farwig2016note,
  title={Note on {F}riedrichs' inequality in ${N}$-star-shaped domains},
  author={Farwig, Reinhard and Rosteck, Veronika},
  journal={Journal of Mathematical Analysis and Applications},
  volume={435},
  number={2},
  pages={1514--1524},
  year={2016},
  publisher={Elsevier}
}

@article{veeser2012poincare,
    AUTHOR = {Veeser, Andreas and Verf{\"u}rth, R{\"u}diger},
     TITLE = {Poincar\'e constants for finite element stars},
   JOURNAL = {IMA J. Numer. Anal.},
  FJOURNAL = {IMA Journal of Numerical Analysis},
    VOLUME = {32},
      YEAR = {2012},
    NUMBER = {1},
     PAGES = {30--47},
      ISSN = {0272-4979},
     CODEN = {IJNADN},
   MRCLASS = {65N30 (26D10 46E35 65N15)},
  MRNUMBER = {2875242 (2012m:65444)},
MRREVIEWER = {Alexei Bespalov},
       DOI = {10.1093/imanum/drr011},
       URL = {http://dx.doi.org/10.1093/imanum/drr011},
}

@Book{spanier1995algebraic,
  Author = {Spanier, Edwin H.},
  Title = {Algebraic topology},
  ISBN = {0-387-94426-5},
  Year = {1995},
  Publisher = {Berlin: Springer-Verlag},
  Language = {English},
  Keywords = {55-01,57-01,55-XX,57N65},
  zbMATH = {715014},
  Zbl = {0810.55001}
}


@book{ziegler1995lectures,
    AUTHOR = {Ziegler, G{\"u}nter M.},
     TITLE = {Lectures on polytopes},
    SERIES = {Graduate Texts in Mathematics},
    VOLUME = {152},
 PUBLISHER = {Springer-Verlag, New York},
      YEAR = {1995},
     PAGES = {x+370},
      ISBN = {0-387-94365-X},
   MRCLASS = {52Bxx},
  MRNUMBER = {1311028},
MRREVIEWER = {Margaret M. Bayer},
       DOI = {10.1007/978-1-4613-8431-1},
       URL = {http://dx.doi.org/10.1007/978-1-4613-8431-1},
}

@book{kozlov2008combinatorial,
    AUTHOR = {Kozlov, Dmitry},
     TITLE = {Combinatorial algebraic topology},
    SERIES = {Algorithms and Computation in Mathematics},
    VOLUME = {21},
 PUBLISHER = {Springer, Berlin},
      YEAR = {2008},
     PAGES = {xx+389},
      ISBN = {978-3-540-71961-8},
   MRCLASS = {55-02 (05C15 05C25 06A07 52B70 55U10 57-02)},
  MRNUMBER = {2361455},
MRREVIEWER = {Rade \v{Z}ivaljevi\'{c}},
       DOI = {10.1007/978-3-540-71962-5},
       URL = {https://doi.org/10.1007/978-3-540-71962-5},
}
		

@article{esposito2013poincare,
AUTHOR = {Esposito, L. and Nitsch, C. and Trombetti, C.},
     TITLE = {Best constants in {P}oincar\'{e} inequalities for convex domains},
   JOURNAL = {J. Convex Anal.},
  FJOURNAL = {Journal of Convex Analysis},
    VOLUME = {20},
      YEAR = {2013},
    NUMBER = {1},
     PAGES = {253--264},
      ISSN = {0944-6532},
   MRCLASS = {35J20 (35A23 35J92)},
  MRNUMBER = {3086452},
MRREVIEWER = {Nikos Labropoulos},
       URL = {https://www.heldermann.de/JCA/JCA20/JCA201/jca20016.htm},
}

@article{ferone2012remark,
    AUTHOR = {Ferone, Vincenzo and Nitsch, Carlo and Trombetti, Cristina},
     TITLE = {A remark on optimal weighted {P}oincar\'{e} inequalities for
              convex domains},
   JOURNAL = {Atti Accad. Naz. Lincei Rend. Lincei Mat. Appl.},
  FJOURNAL = {Atti della Accademia Nazionale dei Lincei. Rendiconti Lincei.
              Matematica e Applicazioni},
    VOLUME = {23},
      YEAR = {2012},
    NUMBER = {4},
     PAGES = {467--475},
      ISSN = {1120-6330},
   MRCLASS = {35J20 (26D10 35A23 35J92)},
  MRNUMBER = {2999557},
MRREVIEWER = {Uberlandio B. Severo},
       DOI = {10.4171/RLM/640},
       URL = {https://doi.org/10.4171/RLM/640},
}

@article{chua2006estimates,
    AUTHOR = {Chua, Seng-Kee and Wheeden, Richard L.},
     TITLE = {Estimates of best constants for weighted {P}oincar\'e
              inequalities on convex domains},
   JOURNAL = {Proc. London Math. Soc. (3)},
  FJOURNAL = {Proceedings of the London Mathematical Society. Third Series},
    VOLUME = {93},
      YEAR = {2006},
    NUMBER = {1},
     PAGES = {197--226},
      ISSN = {0024-6115},
     CODEN = {PLMTAL},
   MRCLASS = {26D10 (26D15 46E35)},
  MRNUMBER = {MR2235947 (2006m:26030)},
       DOI = {10.1017/S0024611506015826},
       URL = {http://dx.doi.org/10.1017/S0024611506015826},
}

@article{dekster1985extension,
  title={An extension of {J}ung’s theorem},
  author={Dekster, Boris V},
  journal={Israel Journal of Mathematics},
  volume={50},
  number={3},
  pages={169--180},
  year={1985},
  publisher={Springer}
}

@Article{jung1910kleinsten,
 Author = {Jung, H. W. E.},
 Title = {{\"U}ber den kleinsten {Kreis}, der eine ebene {Figur} einschlie{{\ss}}t.},
 FJournal = {Journal f{\"u}r die Reine und Angewandte Mathematik},
 Journal = {J. Reine Angew. Math.},
 ISSN = {0075-4102},
 Volume = {137},
 Pages = {310--313},
 Year = {1910},
 Language = {German},
 DOI = {10.1515/crll.1910.137.310},
 zbMATH = {2634094},
 JFM = {41.0564.01}
}


@article{cheeger1984curvature,
    AUTHOR = {Cheeger, Jeff and M\"{u}ller, Werner and Schrader, Robert},
     TITLE = {On the curvature of piecewise flat spaces},
   JOURNAL = {Comm. Math. Phys.},
  FJOURNAL = {Communications in Mathematical Physics},
    VOLUME = {92},
      YEAR = {1984},
    NUMBER = {3},
     PAGES = {405--454},
      ISSN = {0010-3616},
   MRCLASS = {53C20 (53C80 83C45)},
  MRNUMBER = {734226},
MRREVIEWER = {J\'{o}zef Dodziuk},
       URL = {http://projecteuclid.org/euclid.cmp/1103940867},
}

@book{whitney2012geometric,
    AUTHOR = {Whitney, Hassler},
     TITLE = {Geometric integration theory},
 PUBLISHER = {Princeton University Press, Princeton, NJ},
      YEAR = {1957},
     PAGES = {xv+387},
   MRCLASS = {53.0X},
  MRNUMBER = {87148},
MRREVIEWER = {H. Samelson},
}

@book{munkres2016elementary,
    AUTHOR = {Munkres, James R.},
     TITLE = {Elementary differential topology},
    SERIES = {Annals of Mathematics Studies, No. 54},
   EDITION = {Revised},
      NOTE = {Lectures given at Massachusetts Institute of Technology, Fall,
              1961},
 PUBLISHER = {Princeton University Press, Princeton, NJ},
      YEAR = {1966},
     PAGES = {xi+112},
   MRCLASS = {57.00},
  MRNUMBER = {198479},
}

@article{guerini2004eigenvalue,
    AUTHOR = {Guerini, Pierre and Savo, Alessandro},
     TITLE = {Eigenvalue and gap estimates for the {L}aplacian acting on
              {$p$}-forms},
   JOURNAL = {Trans. Amer. Math. Soc.},
  FJOURNAL = {Transactions of the American Mathematical Society},
    VOLUME = {356},
      YEAR = {2004},
    NUMBER = {1},
     PAGES = {319--344},
      ISSN = {0002-9947},
   MRCLASS = {58J50 (58J32)},
  MRNUMBER = {2020035},
MRREVIEWER = {Ruth Gornet},
       DOI = {10.1090/S0002-9947-03-03336-1},
       URL = {https://doi.org/10.1090/S0002-9947-03-03336-1},
}
		

@article{guerini2004spectre,
  title={Spectre du {L}aplacien de {H}odge--de {R}ham: estim{\'e}es sur les vari{\'e}t{\'e}s convexes},
  author={Guerini, Pierre},
  journal={Bulletin of the London Mathematical Society},
  volume={36},
  number={1},
  pages={88--94},
  year={2004},
  publisher={Wiley Online Library}
}


@book{gross2004electromagnetic,
    AUTHOR = {Gross, Paul W. and Kotiuga, P. Robert},
     TITLE = {Electromagnetic theory and computation: a topological
              approach},
    SERIES = {Mathematical Sciences Research Institute Publications},
    VOLUME = {48},
 PUBLISHER = {Cambridge University Press, Cambridge},
      YEAR = {2004},
     PAGES = {x+278},
      ISBN = {0-521-80160-5},
   MRCLASS = {78-02 (57-02 78A30 78M10)},
  MRNUMBER = {2067778},
MRREVIEWER = {Jeffrey K. Lawson},
       DOI = {10.1017/CBO9780511756337},
       URL = {https://doi.org/10.1017/CBO9780511756337},
}

@article{hiptmair2002finite,
    AUTHOR = {Hiptmair, R.},
     TITLE = {Finite elements in computational electromagnetism},
   JOURNAL = {Acta Numer.},
  FJOURNAL = {Acta Numerica},
    VOLUME = {11},
      YEAR = {2002},
     PAGES = {237--339},
      ISSN = {0962-4929},
   MRCLASS = {78M10 (65N30)},
  MRNUMBER = {2009375},
MRREVIEWER = {JiChun Li},
       DOI = {10.1017/S0962492902000041},
       URL = {https://doi.org/10.1017/S0962492902000041},
}

@article{arnold2006finite,
    AUTHOR = {Arnold, Douglas N. and Falk, Richard S. and Winther, Ragnar},
     TITLE = {Finite element exterior calculus, homological techniques, and
              applications},
   JOURNAL = {Acta Numer.},
  FJOURNAL = {Acta Numerica},
    VOLUME = {15},
      YEAR = {2006},
     PAGES = {1--155},
      ISSN = {0962-4929},
      ISBN = {0-521-86815-7},
   MRCLASS = {58A15 (47N40 65N30 74G15 74S05)},
  MRNUMBER = {2269741},
MRREVIEWER = {Thomas Garrity},
       DOI = {10.1017/S0962492906210018},
       URL = {https://doi.org/10.1017/S0962492906210018},
}

@article{arnold2010finite,
    AUTHOR = {Arnold, Douglas N. and Falk, Richard S. and Winther, Ragnar},
     TITLE = {Finite element exterior calculus: from {H}odge theory to
              numerical stability},
   JOURNAL = {Bull. Amer. Math. Soc. (N.S.)},
  FJOURNAL = {American Mathematical Society. Bulletin. New Series},
    VOLUME = {47},
      YEAR = {2010},
    NUMBER = {2},
     PAGES = {281--354},
      ISSN = {0273-0979},
   MRCLASS = {58A14 (65N30)},
  MRNUMBER = {2594630},
MRREVIEWER = {Satyendra K. Tomar},
       DOI = {10.1090/S0273-0979-10-01278-4},
       URL = {https://doi.org/10.1090/S0273-0979-10-01278-4},
}

@article{arnold2009geometric,
    AUTHOR = {Arnold, Douglas N. and Falk, Richard S. and Winther, Ragnar},
     TITLE = {Geometric decompositions and local bases for spaces of finite
              element differential forms},
   JOURNAL = {Comput. Methods Appl. Mech. Engrg.},
  FJOURNAL = {Computer Methods in Applied Mechanics and Engineering},
    VOLUME = {198},
      YEAR = {2009},
    NUMBER = {21-26},
     PAGES = {1660--1672},
      ISSN = {0045-7825},
   MRCLASS = {58A10},
  MRNUMBER = {2517938},
MRREVIEWER = {Snorre H. Christiansen},
       DOI = {10.1016/j.cma.2008.12.017},
       URL = {https://doi.org/10.1016/j.cma.2008.12.017},
}

@article{hu2019structure,
  title={Structure-preserving finite element methods for stationary MHD models},
  author={Hu, Kaibo and Xu, Jinchao},
  journal={Mathematics of Computation},
  volume={88},
  number={316},
  pages={553--581},
  year={2019}
}




@article{bogovskii1979solution,
    AUTHOR = {Bogovski\u{\i}, M. E.},
     TITLE = {Solution of the first boundary value problem for an equation
              of continuity of an incompressible medium},
   JOURNAL = {Dokl. Akad. Nauk SSSR},
  FJOURNAL = {Doklady Akademii Nauk SSSR},
    VOLUME = {248},
      YEAR = {1979},
    NUMBER = {5},
     PAGES = {1037--1040},
      ISSN = {0002-3264},
   MRCLASS = {35Q20 (76N99)},
  MRNUMBER = {553920},
MRREVIEWER = {N. D. Kopachevski\u{\i}},
}



@book{greub1967multilinear,
 AUTHOR = {Greub, W. H.},
     TITLE = {Multilinear algebra},
    SERIES = {Die Grundlehren der mathematischen Wissenschaften, Band 136},
 PUBLISHER = {Springer-Verlag New York, Inc., New York},
      YEAR = {1967},
     PAGES = {x+225},
   MRCLASS = {15.00},
  MRNUMBER = {224623},
MRREVIEWER = {H. Gross},
}



@article{costabel2010bogovskiui,
    AUTHOR = {Costabel, Martin and McIntosh, Alan},
     TITLE = {On {B}ogovski\u\i\ and regularized {P}oincar\'e integral
              operators for de {R}ham complexes on {L}ipschitz domains},
   JOURNAL = {Math. Z.},
  FJOURNAL = {Mathematische Zeitschrift},
    VOLUME = {265},
      YEAR = {2010},
    NUMBER = {2},
     PAGES = {297--320},
      ISSN = {0025-5874},
     CODEN = {MAZEAX},
   MRCLASS = {58J10 (35B65 35S05 47G30)},
  MRNUMBER = {2609313 (2011f:58030)},
MRREVIEWER = {Horst Heck},
       DOI = {10.1007/s00209-009-0517-8},
       URL = {http://dx.doi.org/10.1007/s00209-009-0517-8},
}

@phdthesis{hurri1988poincare,
    author       = {Ritva Hurri},
    title        = {Poincar\'e domains in $\mathbb{R}^n$},
    school       = {University of Jyv\"askyl\"a},
    year         = 1988,
    type         = {Ph.D. Dissertation}
}


@article{vohralik2005discrete,
    AUTHOR = {Vohral{\'{\i}}k, Martin},
     TITLE = {On the discrete {P}oincar\'e--{F}riedrichs inequalities for
              nonconforming approximations of the {S}obolev space {$H^1$}},
   JOURNAL = {Numer. Funct. Anal. Optim.},
  FJOURNAL = {Numerical Functional Analysis and Optimization. An
              International Journal},
    VOLUME = {26},
      YEAR = {2005},
    NUMBER = {7-8},
     PAGES = {925--952},
      ISSN = {0163-0563},
     CODEN = {NFADOL},
   MRCLASS = {65N30 (26D15 46E35)},
  MRNUMBER = {2192029},
       DOI = {10.1080/01630560500444533},
       URL = {http://dx.doi.org/10.1080/01630560500444533},
}



@article{goaoc2019shellability,
    AUTHOR = {Goaoc, Xavier and Pat\'{a}k, Pavel and Pat\'{a}kov\'{a}, Zuzana and
              Tancer, Martin and Wagner, Uli},
     TITLE = {Shellability is {NP}-complete},
   JOURNAL = {J. ACM},
  FJOURNAL = {Journal of the ACM},
    VOLUME = {66},
      YEAR = {2019},
    NUMBER = {3},
     PAGES = {Art. 21, 18},
      ISSN = {0004-5411},
   MRCLASS = {68U05 (55U10 68Q17)},
  MRNUMBER = {3963259},
       DOI = {10.1145/3314024},
       URL = {https://doi.org/10.1145/3314024},
}
  

@article{matculevich2016explicit,
    AUTHOR = {Matculevich, Svetlana and Repin, Sergey},
     TITLE = {Explicit constants in {P}oincar\'{e}-type inequalities for
              simplicial domains and application to a posteriori estimates},
   JOURNAL = {Comput. Methods Appl. Math.},
  FJOURNAL = {Computational Methods in Applied Mathematics},
    VOLUME = {16},
      YEAR = {2016},
    NUMBER = {2},
     PAGES = {277--298},
      ISSN = {1609-4840},
   MRCLASS = {65N30 (65N15 65N25)},
  MRNUMBER = {3483617},
MRREVIEWER = {C. Ilioi},
       DOI = {10.1515/cmam-2015-0037},
       URL = {https://doi.org/10.1515/cmam-2015-0037},
}

@Book{lee2011topological,
    AUTHOR = {Lee, John M.},
     TITLE = {Introduction to topological manifolds},
    SERIES = {Graduate Texts in Mathematics},
    VOLUME = {202},
   EDITION = {Second},
 PUBLISHER = {Springer, New York},
      YEAR = {2011},
     PAGES = {xviii+433},
      ISBN = {978-1-4419-7939-1},
   MRCLASS = {57-01 (54-01 55-01)},
  MRNUMBER = {2766102},
       DOI = {10.1007/978-1-4419-7940-7},
       URL = {https://doi.org/10.1007/978-1-4419-7940-7},
}
	
@book{lee2012smooth,
    AUTHOR = {Lee, John M.},
     TITLE = {Introduction to smooth manifolds},
    SERIES = {Graduate Texts in Mathematics},
    VOLUME = {218},
   EDITION = {Second},
 PUBLISHER = {Springer, New York},
      YEAR = {2013},
     PAGES = {xvi+708},
      ISBN = {978-1-4419-9981-8},
   MRCLASS = {58-01 (53-01 57-01)},
  MRNUMBER = {2954043},
}

@article{blocki1997smooth,
  title={Smooth exhaustion functions in convex domains},
  author={Blocki, Zbigniew},
  journal={Proceedings of the American Mathematical Society},
  volume={125},
  number={2},
  pages={477--484},
  year={1997}
}


@Book{massey1981algebraic,
  AUTHOR = {Massey, William S.},
     TITLE = {A basic course in algebraic topology},
    SERIES = {Graduate Texts in Mathematics},
    VOLUME = {127},
 PUBLISHER = {Springer-Verlag, New York},
      YEAR = {1991},
     PAGES = {xvi+428},
      ISBN = {0-387-97430-X},
   MRCLASS = {55-02 (57-02)},
  MRNUMBER = {1095046},
MRREVIEWER = {Jo\v{z}e Vrabec},
}

Corollary 6.4:
Let $A$ be a subset of $S^n$ that is homeomorphic to $S^{n-1}$. 
Then $S^n \setminus A$ has exactly two connected components.


@Book{mayer1989algebraische,
    AUTHOR = {Mayer, Karl Heinz},
     TITLE = {Algebraische {T}opologie},
 PUBLISHER = {Birkh\"{a}user Verlag, Basel},
      YEAR = {1989},
     PAGES = {279},
      ISBN = {3-7643-2229-2},
   MRCLASS = {55-01},
  MRNUMBER = {974296},
MRREVIEWER = {Jack Weinstein},
       DOI = {10.1007/978-3-0348-9269-8},
       URL = {https://doi.org/10.1007/978-3-0348-9269-8},
}


Mayer Theorem 5.23
Let $S, T \setminus \bbR^m$ be compact and homeomorphic to each other. 
Then $\bbR^{m} \setminus S$
and $\bbR^{m} \setminus T$
have the same number of connected components 

Corollary 5.24:
If $n \geq 2$ and $S \subseteq \bbR^n$ is homeomorphic to $S^{n-1}$, 
then $\bbR^{m} \setminus S$ has exactly two components, both of which have boundary $S$. 


@unpublished{Voh_loc_glob_H1_24,
    AUTHOR = {Vohral{\'{\i}}k, Martin},
     TITLE = {$p$-robust equivalence of global continuous and local discontinuous approximation, a $p$-stable local projector, and optimal elementwise $hp$ approximation estimates in {$H^1$}},
      NOTE = {HAL Preprint~04436063, submitted for publication},
       URL = {https://hal.inria.fr/hal-04436063},
      YEAR = {2024},
}


@Article{zbMATH07891362,
 Author = {Enciso, Alberto and Gerner, Wadim and Peralta-Salas, Daniel},
 Title = {Optimal convex domains for the first curl eigenvalue in dimension three},
 FJournal = {Transactions of the American Mathematical Society},
 Journal = {Trans. Am. Math. Soc.},
 ISSN = {0002-9947},
 Volume = {377},
 Number = {7},
 Pages = {4519--4540},
 Year = {2024},
 Language = {English},
 DOI = {10.1090/tran/8914},
 Keywords = {35P05,35F15,49Q10,52A15},
 zbMATH = {7891362}
}

@book{Gir_Rav_NS_86,
    AUTHOR = {Girault, Vivette and Raviart, Pierre-Arnaud},
     TITLE = {Finite element methods for {N}avier-{S}tokes equations},
    SERIES = {Springer Series in Computational Mathematics},
    VOLUME = {5},
      NOTE = {},
 PUBLISHER = {Springer-Verlag},
   ADDRESS = {Berlin},
      YEAR = {1986},
     PAGES = {x+374},
      ISBN = {3-540-15796-4},
   MRCLASS = {65N30 (65-02 76-08)},
  MRNUMBER = {MR851383 (88b:65129)},
MRREVIEWER = {Max D. Gunzburger},
}


@article{Gaff_Hilbert_harm_55,
    AUTHOR = {Gaffney, Matthew P.},
     TITLE = {Hilbert space methods in the theory of harmonic integrals},
   JOURNAL = {Trans. Amer. Math. Soc.},
  FJOURNAL = {Transactions of the American Mathematical Society},
    VOLUME = {78},
      YEAR = {1955},
     PAGES = {426--444},
      ISSN = {0002-9947},
   MRCLASS = {53.0X},
  MRNUMBER = {68888},
MRREVIEWER = {J. Ferrand},
       DOI = {10.2307/1993072},
       URL = {https://doi.org/10.2307/1993072},
}

@article{Web_compact_Maxw_80,
    AUTHOR = {Weber, Ch.},
     TITLE = {A local compactness theorem for {M}axwell's equations},
   JOURNAL = {Math. Methods Appl. Sci.},
  FJOURNAL = {Mathematical Methods in the Applied Sciences},
    VOLUME = {2},
      YEAR = {1980},
    NUMBER = {1},
     PAGES = {12--25},
      ISSN = {0170-4214},
   MRCLASS = {78A25 (35P25 78A45)},
  MRNUMBER = {561375},
MRREVIEWER = {D. L. Colton},
       DOI = {10.1002/mma.1670020103},
       URL = {https://doi.org/10.1002/mma.1670020103},
}
		
@article{Fer_Gil_Maxw_BC_97,
    AUTHOR = {Fernandes, Paolo and Gilardi, Gianni},
     TITLE = {Magnetostatic and electrostatic problems in inhomogeneous
              anisotropic media with irregular boundary and mixed boundary
              conditions},
   JOURNAL = {Math. Models Methods Appl. Sci.},
  FJOURNAL = {Mathematical Models and Methods in Applied Sciences},
    VOLUME = {7},
      YEAR = {1997},
    NUMBER = {7},
     PAGES = {957--991},
      ISSN = {0218-2025},
   MRCLASS = {78A30 (35Q60)},
  MRNUMBER = {1479578},
MRREVIEWER = {Valentin V. Lychagin},
       DOI = {10.1142/S0218202597000487},
       URL = {https://doi.org/10.1142/S0218202597000487},
}

@article{Paul_Vald_PF_grad_curl_div_20,
    AUTHOR = {Pauly, Dirk and Valdman, Jan},
     TITLE = {Poincar\'{e}-{F}riedrichs type constants for operators involving
              grad, curl, and div: theory and numerical experiments},
   JOURNAL = {Comput. Math. Appl.},
  FJOURNAL = {Computers \& Mathematics with Applications. An International
              Journal},
    VOLUME = {79},
      YEAR = {2020},
    NUMBER = {11},
     PAGES = {3027--3067},
      ISSN = {0898-1221},
   MRCLASS = {35Q61 (35B45 46E35 65J05)},
  MRNUMBER = {4090391},
       DOI = {10.1016/j.camwa.2020.01.004},
       URL = {https://doi.org/10.1016/j.camwa.2020.01.004},
}

@article{Fried_diff_forms_55,
    AUTHOR = {Friedrichs, K. O.},
     TITLE = {Differential forms on {R}iemannian manifolds},
   JOURNAL = {Comm. Pure Appl. Math.},
  FJOURNAL = {Communications on Pure and Applied Mathematics},
    VOLUME = {8},
      YEAR = {1955},
     PAGES = {551--590},
      ISSN = {0010-3640},
   MRCLASS = {31.0X},
  MRNUMBER = {87763},
MRREVIEWER = {P. E. Conner},
       DOI = {10.1002/cpa.3160080408},
       URL = {https://doi.org/10.1002/cpa.3160080408},
}

@article{Liu_fram_eigs_15,
    AUTHOR = {Liu, Xuefeng},
     TITLE = {A framework of verified eigenvalue bounds for self-adjoint
              differential operators},
   JOURNAL = {Appl. Math. Comput.},
  FJOURNAL = {Applied Mathematics and Computation},
    VOLUME = {267},
      YEAR = {2015},
     PAGES = {341--355},
      ISSN = {0096-3003},
   MRCLASS = {35P15 (35J05)},
  MRNUMBER = {3399052},
       DOI = {10.1016/j.amc.2015.03.048},
       URL = {http://dx.doi.org/10.1016/j.amc.2015.03.048},
}

@article{Cars_Ged_LB_eigs_14,
    AUTHOR = {Carstensen, Carsten and Gedicke, Joscha},
     TITLE = {Guaranteed lower bounds for eigenvalues},
   JOURNAL = {Math. Comp.},
  FJOURNAL = {Mathematics of Computation},
    VOLUME = {83},
      YEAR = {2014},
    NUMBER = {290},
     PAGES = {2605--2629},
      ISSN = {0025-5718},
   MRCLASS = {65N25 (15A42 65N15 65N30 65N50)},
  MRNUMBER = {3246802},
       DOI = {10.1090/S0025-5718-2014-02833-0},
       URL = {http://dx.doi.org/10.1090/S0025-5718-2014-02833-0},
}

@article{Brae_Pill_Sch_p_rob_09,
    AUTHOR = {Braess, Dietrich and Pillwein, Veronika and Sch{\"o}berl,
              Joachim},
     TITLE = {Equilibrated residual error estimates are {$p$}-robust},
   JOURNAL = {Comput. Methods Appl. Mech. Engrg.},
  FJOURNAL = {Computer Methods in Applied Mechanics and Engineering},
    VOLUME = {198},
      YEAR = {2009},
    NUMBER = {13-14},
     PAGES = {1189--1197},
      ISSN = {0045-7825},
     CODEN = {CMMECC},
   MRCLASS = {65N15 (65N30)},
  MRNUMBER = {2500243},
MRREVIEWER = {Mohammad Asadzadeh},
       DOI = {10.1016/j.cma.2008.12.010},
       URL = {http://dx.doi.org/10.1016/j.cma.2008.12.010},
}

@article{Cars_Ged_Rim_expl_cnst_12,
    AUTHOR = {Carstensen, Carsten and Gedicke, Joscha and Rim, Donsub},
     TITLE = {Explicit error estimates for {C}ourant, {C}rouzeix-{R}aviart
              and {R}aviart-{T}homas finite element methods},
   JOURNAL = {J. Comput. Math.},
  FJOURNAL = {Journal of Computational Mathematics},
    VOLUME = {30},
      YEAR = {2012},
    NUMBER = {4},
     PAGES = {337--353},
      ISSN = {0254-9409},
     CODEN = {JCMMEB},
   MRCLASS = {65N15 (65N30)},
  MRNUMBER = {2965987},
MRREVIEWER = {Patrick Henning},
       DOI = {10.4208/jcm.1108-m3677},
       URL = {http://dx.doi.org/10.4208/jcm.1108-m3677},
}

@article{Liu_Kik_interp_10,
    AUTHOR = {Liu, Xuefeng and Kikuchi, Fumio},
     TITLE = {Analysis and estimation of error constants for {$P_0$} and
              {$P_1$} interpolations over triangular finite elements},
   JOURNAL = {J. Math. Sci. Univ. Tokyo},
  FJOURNAL = {The University of Tokyo. Journal of Mathematical Sciences},
    VOLUME = {17},
      YEAR = {2010},
    NUMBER = {1},
     PAGES = {27--78},
      ISSN = {1340-5705},
   MRCLASS = {65D05 (41A05 65N15 65N30)},
  MRNUMBER = {2676659 (2011g:65012)},
MRREVIEWER = {Jos{\'e} Augusto Ferreira},
       URL = {http://www.ms.u-tokyo.ac.jp/journal/abstract/jms170102.html},
}


